% Journal Publications

@ARTICLE{lin-TIFS2009,
    title   =   "Digital Image Source Coder Forensics Via Intrinsic Fingerprints",
    author  =   "W. Sabrina Lin and Steven K. Tjoa and Hong Vicky Zhao and K. J. Ray Liu",
    journal =   "IEEE Trans. Information Forensics and Security",
    year    =   "2009",
    month   =   sep,
    volume  =   "4",
    number  =   "3",
    pages   =   "460-475"
};


% Conference Publications

@INPROCEEDINGS{tjoa-ICASSP2007,
    title   =   "Block Size Forensic Analysis in Digital Images",
    author  =   "Steven Tjoa and W. Sabrina Lin and Hong Vicky Zhao and K. J. Ray Liu",
    booktitle = "Proc. IEEE Int. Conf. Acoustics, Speech, and Signal Processing",
    year    =   "2007",
    address =   "Honolulu, HI",
    month   =   apr,
    volume  =   "1",
    pages   =   {I-633--I-636}
};

@INPROCEEDINGS{lin-ICME2007,
    title   =   "Image Source Coding Forensics via Intrinsic Fingerprints",
    author  =   "W. Sabrina Lin and Steven Tjoa and Hong Vicky Zhao and K. J. Ray Liu",
    booktitle = "Proc. IEEE Int. Conf. Multimedia and Expo",
    address =   "Beijing, China",
    year    =   "2007",
    month   =   jul,
    pages   =   "1127-1130",
};

@INPROCEEDINGS{tjoa-ICIP2007,
    title   =   "Transform Coder Classification for Digital Image Forensics",
    author  =   "Steven Tjoa and W. Sabrina Lin and K. J. Ray Liu",
    booktitle = "Proc. IEEE Int. Conf. on Image Processing",
    address =   "San Antonio, TX",
    year    =   "2007",
    month   =   sep,
    volume  =   "6",
    pages   =   {VI-105--VI-108},
};


@INPROCEEDINGS{tjoa-ICASSP2010-mult,
    title   =   "Multiplicative Update Rules for Nonnegative Matrix Factorization with Co-occurrence Constraints",
    author  =   "Steven K. Tjoa and K. J. Ray Liu",
    booktitle = "Proc. IEEE Int. Conf. Acoustics, Speech, and Signal Processing",
    address =   "Dallas, TX",
    year    =   "2010",
    month   =   mar,
    pages   =   "449--452"
};

@INPROCEEDINGS{tjoa-ICASSP2010-harm,
    title   =   "Harmonic Variable-Size Dictionary Learning for Music Source Separation",
    author  =   "Steven K. Tjoa and Matthew C. Stamm and W. Sabrina Lin and K. J. Ray Liu",
    booktitle = "Proc. IEEE Int. Conf. Acoustics, Speech, and Signal Processing",
    address =   "Dallas, TX",
    year    =   "2010",
    month   =   mar,
    pages   =   "413--416"
};

@INPROCEEDINGS{stamm-ICASSP2010,
    title   =   "Anti-Forensics of {JPEG} Compression",
    author  =   "Matthew C. Stamm and Steven K. Tjoa and W. Sabrina Lin and K. J. Ray Liu",
    booktitle = "Proc. IEEE Int. Conf. Acoustics, Speech, and Signal Processing",
    address =   "Dallas, TX",
    year    =   "2010",
    month   =   mar,
    pages   =   "1694--1697"
};

@INPROCEEDINGS{tjoa-ISMIR2010,
    title   =   "Musical Instrument Recognition Using Biologically Inspired Filtering of Temporal Dictionary Atoms",
    author  =   "Steven K. Tjoa and K. J. Ray Liu",
    booktitle = "Proc. Int. Soc. Music Information Retrieval Conf.",
    address =   "Utrecht, Netherlands",
    year    =   "2010",
    month   =   aug,
    pages   =   "435--440"
};

@INPROCEEDINGS{stamm-ICIP2010,
    title   =   "Undetectable Image Tampering Through {JPEG} Compression Anti-Forensics",
    author  =   "Matthew C. Stamm and Steven K. Tjoa and W. Sabrina Lin and K. J. Ray Liu",
    booktitle = "Proc. IEEE Int. Conf. Image Processing",
    address =   "Hong Kong",
    year    =   "2010",
    month   =   sep,
    pages   =   "2109--2112"
};

@INPROCEEDINGS{keegan2011waspaa,
    title   =   "Super-resolution of Musical Signals Using Approximate Matching Pursuit",
    author  =   "Brennan P. Keegan and Steven K. Tjoa and K. J. Ray Liu",
    booktitle = "Proc. IEEE Workshop on Applications of Signal Processing to Audio and Acoustics",
    address =   "New Paltz, NY",
    year    =   "2011",
    month   =   oct,
    pages   =   "81--84"
};

@INPROCEEDINGS{tjoa2011ismir,
    title   =   "Factorization of Overlapping Harmonic Sounds Using Approximate Matching Pursuit",
    author  =   "Steven K. Tjoa and K. J. Ray Liu",
    booktitle = "Proc. Int. Soc. Music Information Retrieval Conf.",
    address =   "Miami, FL",
    year    =   "2011",
    month   =   oct,
    pages   =   "257--262"
};

@INPROCEEDINGS{tsai2017ismir,
    title   =   "MAKE YOUR OWN ACCOMPANIMENT: ADAPTING FULL-MIX RECORDINGS TO MATCH SOLO-ONLY USER RECORDINGS",
    author  =   "Timothy Tsai and Steven K. Tjoa and Meinard M{\"u}ller",
    booktitle = "Proc. Int. Soc. Music Information Retrieval Conf.",
    year    =   "2017",
    address =   "Suzhou, China"
};
